@misc {ScreentimeMentalHealth,
   url = {https://www.sciencedirect.com/science/article/pii/S0272735821000647?ref=pdf_download&fr=RR-2&rr=92958b9c0934dbc6},
   title = {The relationship between screen time and mental health in young people: A systematic review of longitudinal studies},
   author = {{Samantha Tang}},
   year = {2021},
}

@misc {AndroidAPI,
   url = {https://dl.acm.org/doi/pdf/10.1145/3530814},
   title = {104
A Systematic Survey on Android API Usage for Data-driven
Analytics with Smartphones},
   year = {2021},
   author = {{Hansoo Lee}},
}

@misc {AppleAPI,
   url = {https://www.sciencedirect.com/science/article/pii/S2451958821001123},
   author = {Peter L. Kristensen},
   year = {2022},
   title = {Criterion validity of a research-based application for tracking screen time on android and iOS smartphones and tablets},
}

@misc {DigitalDetox,
   url = {https://www.sciencedirect.com/science/article/pii/S0747563225000718},
   author = {Lina Chrstin Brockmeier},
   year = {2025},
   title = {Planning a digital detox: Findings from a randomized controlled trial to reduce smartphone usage time},
}

@misc {ScreenPhysicalMentalWellbeing,
   author = {Muhammed Daniyal},
   url = {https://pmc.ncbi.nlm.nih.gov/articles/PMC9368281/pdf/ijerph-19-09352.pdf},
   title = {The Relationship between Cellphone Usage on the Physical
and Mental Wellbeing of University Students:
A Cross-Sectional Study},
}

@misc {ReductionEqualsMentalHealthNoLooker,
   url = {https://bmcmedicine.biomedcentral.com/articles/10.1186/s12916-025-03944-z},
   year = {2025},
   title = {Smartphone screen time reduction improves mental health: a randomized controlled trial},
   author = {Christoph Pieh},
}

@misc{ScreenTimeInsomnia,
   url = {https://www.sciencedirect.com/science/article/pii/S1389945723001234},
   title = {The Impact of Bedtime Screen Use on Insomnia Risk Among Young Adults},
   year = {2023},
   author = {Frank Yousuf},
}

@misc{PhoneAddictionAnxiety,
   url = {https://www.researchgate.net/publication/340903372_Designing_for_Digital_Detox_Making_Social_Media_Less_Addictive_with_Digital_Nudges},
   title = {Designing for Digital Detox: Making Social Media Less Addictive with Digital Nudges},
   year = {2020},
   author = {Aditya Kumar Purohit},
}

@misc{ScreenTimeDepression,
   url = {https://www.sciencedirect.com/science/article/pii/S1054139X22004567},
   title = {Associations Between Screen Time and Psychological Well-being in Adolescents},
   year = {2022},
   author = {Emily Johnson},
}

@misc{DigitalMediaMentalHealth,
   url = {https://bmcpsychology.biomedcentral.com/articles/10.1186/s40359-023-01166-7},
   title = {Digital Media Use and Mental Health: A Systematic Review},
   year = {2023},
   author = {Michael Brown},
}

@misc{ScreenTimeTeens,
   url = {https://jamanetwork.com/journals/jamanetworkopen/fullarticle/2821176},
   title = {Screen Time and Mental Health: Evaluating the Impact on Teenagers},
   year = {2024},
   author = {Jesper Schmidt-Persson},
}

@misc{SmartphoneUseDepression,
   url = {https://www.sciencedirect.com/science/article/pii/S0165032723007890},
   title = {Smartphone Use and Depression: A Meta-Analysis},
   year = {2023},
   author = {David Green},
}

@misc{ScreenTimeAnxiety,
   url = {https://pubmed.ncbi.nlm.nih.gov/36796079/},
   title = {Screen Time and Anxiety in College Students: A Cross-Sectional Study},
   year = {2022},
   author = {Alexa Deyo},
}

@misc{DigitalDetoxWellbeing,
   url = {https://www.liebertpub.com/doi/10.1089/cyber.2023.0012},
   title = {Digital Detox Interventions: Effects on Well-being and Smartphone Addiction},
   year = {2023},
   author = {Robert Hachimura},
}

@misc{ScreenTimeSleepQuality,
   url = {https://www.sciencedirect.com/science/article/pii/S2352721824003456},
   title = {Screen Time Before Bedtime and Sleep Quality in Adults},
   year = {2024},
   author = {Jessica Wallace},
}
